
@book{higgins2019cochrane,
	title = {Cochrane handbook for systematic reviews of interventions},
	author = {{Higgins}, {Julian PT} and {Thomas}, {James} and {Chandler}, {Jacqueline} and {Cumpston}, {Miranda} and {Li}, {Tianjing} and {Page}, {Matthew J} and {Welch}, {Vivian A}},
	year = {2019},
	date = {2019},
	publisher = {John Wiley & Sons},
	note = {Citation Key: higgins2019cochrane}
}

@article{white2019,
	title = {A comparison of arm-based and contrast-based models for network meta-analysis},
	author = {{White}, {Ian R.} and {Turner}, {Rebecca M.} and {Karahalios}, {Amalia} and {Salanti}, {Georgia}},
	year = {2019},
	date = {2019},
	journal = {Statistics in Medicine},
	pages = {5197--5213},
	volume = {38},
	number = {27},
	doi = {https://doi.org/10.1002/sim.8360},
	url = {https://onlinelibrary.wiley.com/doi/abs/10.1002/sim.8360},
	note = {{\_}eprint: https://onlinelibrary.wiley.com/doi/pdf/10.1002/sim.8360},
	langid = {en}
}

@article{white2019,
	title = {A comparison of arm-based and contrast-based models for network meta-analysis},
	author = {{White}, {Ian R.} and {Turner}, {Rebecca M.} and {Karahalios}, {Amalia} and {Salanti}, {Georgia}},
	year = {2019},
	date = {2019},
	journal = {Statistics in Medicine},
	pages = {5197--5213},
	volume = {38},
	number = {27},
	doi = {https://doi.org/10.1002/sim.8360},
	url = {https://onlinelibrary.wiley.com/doi/abs/10.1002/sim.8360},
	note = {{\_}eprint: https://onlinelibrary.wiley.com/doi/pdf/10.1002/sim.8360},
	langid = {en}
}

@article{white2019,
	title = {A comparison of arm-based and contrast-based models for network meta-analysis},
	author = {{White}, {Ian R.} and {Turner}, {Rebecca M.} and {Karahalios}, {Amalia} and {Salanti}, {Georgia}},
	year = {2019},
	date = {2019},
	journal = {Statistics in Medicine},
	pages = {5197--5213},
	volume = {38},
	number = {27},
	doi = {https://doi.org/10.1002/sim.8360},
	url = {https://onlinelibrary.wiley.com/doi/abs/10.1002/sim.8360},
	note = {{\_}eprint: https://onlinelibrary.wiley.com/doi/pdf/10.1002/sim.8360},
	langid = {en}
}

@article{white2019,
	title = {A comparison of arm-based and contrast-based models for network meta-analysis},
	author = {{White}, {Ian R.} and {Turner}, {Rebecca M.} and {Karahalios}, {Amalia} and {Salanti}, {Georgia}},
	year = {2019},
	date = {2019},
	journal = {Statistics in Medicine},
	pages = {5197--5213},
	volume = {38},
	number = {27},
	doi = {https://doi.org/10.1002/sim.8360},
	url = {https://onlinelibrary.wiley.com/doi/abs/10.1002/sim.8360},
	note = {{\_}eprint: https://onlinelibrary.wiley.com/doi/pdf/10.1002/sim.8360},
	langid = {en}
}

@article{white2019,
	title = {A comparison of arm-based and contrast-based models for network meta-analysis},
	author = {{White}, {Ian R.} and {Turner}, {Rebecca M.} and {Karahalios}, {Amalia} and {Salanti}, {Georgia}},
	year = {2019},
	date = {2019},
	journal = {Statistics in Medicine},
	pages = {5197--5213},
	volume = {38},
	number = {27},
	doi = {https://doi.org/10.1002/sim.8360},
	url = {https://onlinelibrary.wiley.com/doi/abs/10.1002/sim.8360},
	note = {{\_}eprint: https://onlinelibrary.wiley.com/doi/pdf/10.1002/sim.8360},
	langid = {en}
}

@article{white2019,
	title = {A comparison of arm-based and contrast-based models for network meta-analysis},
	author = {{White}, {Ian R.} and {Turner}, {Rebecca M.} and {Karahalios}, {Amalia} and {Salanti}, {Georgia}},
	year = {2019},
	date = {2019},
	journal = {Statistics in Medicine},
	pages = {5197--5213},
	volume = {38},
	number = {27},
	doi = {https://doi.org/10.1002/sim.8360},
	url = {https://onlinelibrary.wiley.com/doi/abs/10.1002/sim.8360},
	note = {{\_}eprint: https://onlinelibrary.wiley.com/doi/pdf/10.1002/sim.8360},
	langid = {en}
}

@article{birkinshaw2021,
	title = {Antidepressants for pain management in adults with chronic pain: a network meta{-}analysis},
	author = {{Birkinshaw}, {Hollie} and {Friedrich}, {Claire} and {Cole}, {Peter} and {Eccleston}, {Christopher} and {Serfaty}, {Marc} and {Stewart}, {Gavin} and {White}, {Simon} and {Moore}, {R. Andrew} and {Pincus}, {Tamar}},
	year = {2021},
	date = {2021},
	journal = {Cochrane Database of Systematic Reviews},
	number = {4},
	doi = {10.1002/14651858.CD014682},
	url = {https://www.cochranelibrary.com/cdsr/doi/10.1002/14651858.CD014682/full},
	note = {Publisher: John Wiley & Sons, Ltd},
	langid = {en}
}

@book{higgins2016,
	title = {Methodological expectations of Cochrane intervention reviews},
	author = {{Higgins}, {JPT} and {Lasserson}, {T} and {Chandler}, {J} and {Tovey}, {D} and {Churchill}, {R} and {others}, {}},
	year = {2016},
	date = {2016},
	volume = {5}
}

@article{hutton2015,
	title = {The PRISMA Extension Statement for Reporting of Systematic Reviews Incorporating Network Meta-analyses of Health Care Interventions: Checklist and Explanations},
	author = {{Hutton}, {Brian} and {Salanti}, {Georgia} and {Caldwell}, {Deborah M.} and {Chaimani}, {Anna} and {Schmid}, {Christopher H.} and {Cameron}, {Chris} and {Ioannidis}, {John P.A.} and {Straus}, {Sharon} and {Thorlund}, {Kristian} and {Jansen}, {Jeroen P.} and {Mulrow}, {Cynthia} and {Catalá-López}, {Ferrán} and {Gøtzsche}, {Peter C.} and {Dickersin}, {Kay} and {Boutron}, {Isabelle} and {Altman}, {Douglas G.} and {Moher}, {David}},
	year = {2015},
	month = {06},
	date = {2015-06-02},
	journal = {Annals of Internal Medicine},
	pages = {777--784},
	volume = {162},
	number = {11},
	doi = {10.7326/M14-2385},
	url = {https://www.acpjournals.org/doi/full/10.7326/M14-2385},
	note = {Publisher: American College of Physicians}
}

@article{moore_2015,
  title = {Amitriptyline for Fibromyalgia in Adults},
  author = {Moore, R. Andrew and Derry, Sheena and Aldington, Dominic and Cole, Peter and Wiffen, Philip J.},
  date = {2015},
  journaltitle = {Cochrane Database of Systematic Reviews},
  publisher = {{John Wiley \& Sons, Ltd}},
  issn = {1465-1858},
  doi = {10.1002/14651858.CD011824},
  url = {https://www.cochranelibrary.com/cdsr/doi/10.1002/14651858.CD011824/full},
  urldate = {2021-07-19},
  file = {/home/cantabile/Zotero/storage/ASFI3H6I/Moore et al. - 2015 - Amitriptyline for fibromyalgia in adults.pdf;/home/cantabile/Zotero/storage/7SP8H88Z/full.html},
  langid = {english},
  number = {7}
}

@online{viechtbauer_2019,
  title = {Comparison of the {{Mantel}}-{{Haenszel Method}} in {{Different Software}} [{{The}} Metafor {{Package}}]},
  author = {Viechtbauer, Wolfgang},
  date = {2019},
  url = {http://metafor-project.org/doku.php/tips:comp_mh_different_software},
  urldate = {2021-08-19}
}
