@book{landau_2021,
  title = {The Targets {{R Package User Manual}}},
  author = {Landau, Will},
  date = {2021},
  url = {https://books.ropensci.org/targets},
  urldate = {2021-07-14},
  abstract = {In-depth discussion of the major functionality of targets.},
  file = {/home/cantabile/Zotero/storage/HDAXL4II/targets.html}
}

@article{wilkinson_2016,
  title = {The {{FAIR Guiding Principles}} for Scientific Data Management and Stewardship},
  author = {Wilkinson, Mark D. and Dumontier, Michel and Aalbersberg, IJsbrand Jan and Appleton, Gabrielle and Axton, Myles and Baak, Arie and Blomberg, Niklas and Boiten, Jan-Willem and da Silva Santos, Luiz Bonino and Bourne, Philip E. and Bouwman, Jildau and Brookes, Anthony J. and Clark, Tim and Crosas, Mercè and Dillo, Ingrid and Dumon, Olivier and Edmunds, Scott and Evelo, Chris T. and Finkers, Richard and Gonzalez-Beltran, Alejandra and Gray, Alasdair J.G. and Groth, Paul and Goble, Carole and Grethe, Jeffrey S. and Heringa, Jaap and ’t Hoen, Peter A.C and Hooft, Rob and Kuhn, Tobias and Kok, Ruben and Kok, Joost and Lusher, Scott J. and Martone, Maryann E. and Mons, Albert and Packer, Abel L. and Persson, Bengt and Rocca-Serra, Philippe and Roos, Marco and van Schaik, Rene and Sansone, Susanna-Assunta and Schultes, Erik and Sengstag, Thierry and Slater, Ted and Strawn, George and Swertz, Morris A. and Thompson, Mark and van der Lei, Johan and van Mulligen, Erik and Velterop, Jan and Waagmeester, Andra and Wittenburg, Peter and Wolstencroft, Katherine and Zhao, Jun and Mons, Barend},
  date = {2016-12},
  journaltitle = {Scientific Data},
  shortjournal = {Sci Data},
  volume = {3},
  pages = {160018},
  issn = {2052-4463},
  doi = {10.1038/sdata.2016.18},
  url = {http://www.nature.com/articles/sdata201618},
  urldate = {2020-06-06},
  file = {/home/cantabile/Zotero/storage/YCFHF733/Wilkinson et al. - 2016 - The FAIR Guiding Principles for scientific data ma.pdf},
  langid = {english},
  number = {1},
  options = {useprefix=true}
}

@article{laine_2018,
  title = {Open Science and Codes of Conduct on Research Integrity},
  author = {Laine, Heidi},
  date = {2018-12-31},
  journaltitle = {Informaatiotutkimus},
  shortjournal = {1},
  volume = {37},
  issn = {1797-9129},
  doi = {10.23978/inf.77414},
  url = {https://journal.fi/inf/article/view/77414},
  urldate = {2019-08-23},
  file = {/home/cantabile/Zotero/storage/UA3HYS9T/Laine - 2018 - Open science and codes of conduct on research inte.pdf;/home/cantabile/Zotero/storage/5GEZCWK2/77414.html},
  langid = {english},
  number = {4}
}

@article{peng_reproducible_2011-1,
  title = {Reproducible {{Research}} in {{Computational Science}}},
  author = {Peng, R. D.},
  date = {2011-12},
  journaltitle = {Science},
  volume = {334},
  pages = {1226--1227},
  issn = {0036-8075, 1095-9203},
  doi = {10.1126/science.1213847},
  file = {/home/cantabile/Zotero/storage/IZ8QGLMI/Peng - 2011 - Reproducible Research in Computational Science.pdf},
  number = {6060}
}

@article{moore_2015,
  title = {Amitriptyline for Fibromyalgia in Adults},
  author = {Moore, R. Andrew and Derry, Sheena and Aldington, Dominic and Cole, Peter and Wiffen, Philip J.},
  date = {2015},
  journaltitle = {Cochrane Database of Systematic Reviews},
  publisher = {{John Wiley \& Sons, Ltd}},
  issn = {1465-1858},
  doi = {10.1002/14651858.CD011824},
  url = {https://www.cochranelibrary.com/cdsr/doi/10.1002/14651858.CD011824/full},
  urldate = {2021-07-19},
  file = {/home/cantabile/Zotero/storage/ASFI3H6I/Moore et al. - 2015 - Amitriptyline for fibromyalgia in adults.pdf;/home/cantabile/Zotero/storage/7SP8H88Z/full.html},
  langid = {english},
  number = {7}
}
