
@book{higgins2019cochrane,
	title = {Cochrane handbook for systematic reviews of interventions},
	author = {{Higgins}, {Julian PT} and {Thomas}, {James} and {Chandler}, {Jacqueline} and {Cumpston}, {Miranda} and {Li}, {Tianjing} and {Page}, {Matthew J} and {Welch}, {Vivian A}},
	year = {2019},
	date = {2019},
	publisher = {John Wiley & Sons},
	note = {Citation Key: higgins2019cochrane}
}

@article{white2019,
	title = {A comparison of arm-based and contrast-based models for network meta-analysis},
	author = {{White}, {Ian R.} and {Turner}, {Rebecca M.} and {Karahalios}, {Amalia} and {Salanti}, {Georgia}},
	year = {2019},
	date = {2019},
	journal = {Statistics in Medicine},
	pages = {5197--5213},
	volume = {38},
	number = {27},
	doi = {https://doi.org/10.1002/sim.8360},
	url = {https://onlinelibrary.wiley.com/doi/abs/10.1002/sim.8360},
	note = {{\_}eprint: https://onlinelibrary.wiley.com/doi/pdf/10.1002/sim.8360},
	langid = {en}
}

@article{white2019,
	title = {A comparison of arm-based and contrast-based models for network meta-analysis},
	author = {{White}, {Ian R.} and {Turner}, {Rebecca M.} and {Karahalios}, {Amalia} and {Salanti}, {Georgia}},
	year = {2019},
	date = {2019},
	journal = {Statistics in Medicine},
	pages = {5197--5213},
	volume = {38},
	number = {27},
	doi = {https://doi.org/10.1002/sim.8360},
	url = {https://onlinelibrary.wiley.com/doi/abs/10.1002/sim.8360},
	note = {{\_}eprint: https://onlinelibrary.wiley.com/doi/pdf/10.1002/sim.8360},
	langid = {en}
}

@article{white2019,
	title = {A comparison of arm-based and contrast-based models for network meta-analysis},
	author = {{White}, {Ian R.} and {Turner}, {Rebecca M.} and {Karahalios}, {Amalia} and {Salanti}, {Georgia}},
	year = {2019},
	date = {2019},
	journal = {Statistics in Medicine},
	pages = {5197--5213},
	volume = {38},
	number = {27},
	doi = {https://doi.org/10.1002/sim.8360},
	url = {https://onlinelibrary.wiley.com/doi/abs/10.1002/sim.8360},
	note = {{\_}eprint: https://onlinelibrary.wiley.com/doi/pdf/10.1002/sim.8360},
	langid = {en}
}

@article{white2019,
	title = {A comparison of arm-based and contrast-based models for network meta-analysis},
	author = {{White}, {Ian R.} and {Turner}, {Rebecca M.} and {Karahalios}, {Amalia} and {Salanti}, {Georgia}},
	year = {2019},
	date = {2019},
	journal = {Statistics in Medicine},
	pages = {5197--5213},
	volume = {38},
	number = {27},
	doi = {https://doi.org/10.1002/sim.8360},
	url = {https://onlinelibrary.wiley.com/doi/abs/10.1002/sim.8360},
	note = {{\_}eprint: https://onlinelibrary.wiley.com/doi/pdf/10.1002/sim.8360},
	langid = {en}
}

@article{white2019,
	title = {A comparison of arm-based and contrast-based models for network meta-analysis},
	author = {{White}, {Ian R.} and {Turner}, {Rebecca M.} and {Karahalios}, {Amalia} and {Salanti}, {Georgia}},
	year = {2019},
	date = {2019},
	journal = {Statistics in Medicine},
	pages = {5197--5213},
	volume = {38},
	number = {27},
	doi = {https://doi.org/10.1002/sim.8360},
	url = {https://onlinelibrary.wiley.com/doi/abs/10.1002/sim.8360},
	note = {{\_}eprint: https://onlinelibrary.wiley.com/doi/pdf/10.1002/sim.8360},
	langid = {en}
}

@article{white2019,
	title = {A comparison of arm-based and contrast-based models for network meta-analysis},
	author = {{White}, {Ian R.} and {Turner}, {Rebecca M.} and {Karahalios}, {Amalia} and {Salanti}, {Georgia}},
	year = {2019},
	date = {2019},
	journal = {Statistics in Medicine},
	pages = {5197--5213},
	volume = {38},
	number = {27},
	doi = {https://doi.org/10.1002/sim.8360},
	url = {https://onlinelibrary.wiley.com/doi/abs/10.1002/sim.8360},
	note = {{\_}eprint: https://onlinelibrary.wiley.com/doi/pdf/10.1002/sim.8360},
	langid = {en}
}
